@misc{ enwiki:1186072544,
    author = "{Wikipedia contributors}",
    title = "Complex normal distribution --- {Wikipedia}{,} The Free Encyclopedia",
    year = "2023",
    url = "https://en.wikipedia.org/w/index.php?title=Complex_normal_distribution&oldid=1186072544",
    note = "[Online; accessed 19-April-2024]"
  }